<record><leader>00000cas a22000007a 4500</leader><controlfield tag="001">1764888</controlfield><controlfield tag="008">751101d19431944mnusx pe      0    0eng d</controlfield><datafield ind1=" " ind2=" " tag="010"><subfield code="a">sn 90059559 </subfield></datafield><datafield ind1=" " ind2=" " tag="040"><subfield code="a">MUL</subfield><subfield code="b">eng</subfield><subfield code="c">MUL</subfield><subfield code="d">MN#</subfield><subfield code="d">OCLCQ</subfield><subfield code="d">DLC</subfield><subfield code="d">OCLCQ</subfield></datafield><datafield ind1=" " ind2=" " tag="042"><subfield code="a">msc</subfield></datafield><datafield ind1=" " ind2=" " tag="043"><subfield code="a">n-us-mn</subfield></datafield><datafield ind1=" " ind2=" " tag="052"><subfield code="a">4144</subfield><subfield code="b">S4</subfield></datafield><datafield ind1="0" ind2="4" tag="245"><subfield code="a">The northwest news.</subfield></datafield><datafield ind1=" " ind2=" " tag="260"><subfield code="a">St. Paul, Minn. :</subfield><subfield code="b">Northwest News Pub. Co.,</subfield><subfield code="c">-1944.</subfield></datafield><datafield ind1=" " ind2=" " tag="300"><subfield code="a">v.</subfield></datafield><datafield ind1=" " ind2=" " tag="310"><subfield code="a">Semimonthly</subfield></datafield><datafield ind1="1" ind2=" " tag="362"><subfield code="a">Began in 1943.</subfield></datafield><datafield ind1="0" ind2=" " tag="362"><subfield code="a">-8th year, no. 6 (May 10, 1944).</subfield></datafield><datafield ind1=" " ind2=" " tag="500"><subfield code="a">"A non-partisan review published in the interests of public administration officials and civil service employees."</subfield></datafield><datafield ind1=" " ind2=" " tag="530"><subfield code="a">Available on microfilm from the Minnesota Historical Society.</subfield></datafield><datafield ind1=" " ind2=" " tag="588"><subfield code="a">Description based on: Vol. 6, no. 2 (Feb. 22, 1943).</subfield></datafield><datafield ind1=" " ind2="0" tag="650"><subfield code="a">Civil service</subfield><subfield code="v">Periodicals.</subfield></datafield><datafield ind1="0" ind2="0" tag="780"><subfield code="t">Minnesota reporter (Saint Paul, Minn. : 1937)</subfield><subfield code="w">(DLC)sn 90059573</subfield></datafield><datafield ind1="0" ind2="0" tag="785"><subfield code="t">Nation's news</subfield><subfield code="w">(DLC)sn 90059554</subfield></datafield><datafield ind1="1" ind2=" " tag="029"><subfield code="a">AU@</subfield><subfield code="b">000026518713</subfield></datafield></record>